<?xml version="1.0" encoding="UTF-8"?><collection xmlns="http://www.loc.gov/MARC21/slim"><record><leader>00595nam--2200181-i-4500</leader><controlfield tag="001">000048300</controlfield><controlfield tag="002">20161230</controlfield><controlfield tag="005">20161230201046</controlfield><controlfield tag="008">060222s1000------------r-----000-0-eng-d</controlfield><datafield ind1=" " ind2=" " tag="020"><subfield code="a">9971950898</subfield></datafield><datafield ind1=" " ind2=" " tag="040"><subfield code="a">IFIN-HH</subfield></datafield><datafield ind1=" " ind2=" " tag="080"><subfield code="a">539.123(061.3)</subfield></datafield><datafield ind1="1" ind2=" " tag="100"><subfield code="a">Morales, M</subfield></datafield><datafield ind1="1" ind2="0" tag="245"><subfield code="a">Weak interactions and neutrinos</subfield><subfield code="b">Proceedings of the 8th international workshop on weak interactions and neutrinos 6-11 september 1982 javea (alicante), spain</subfield><subfield code="c">M. morales (ed.)</subfield></datafield><datafield ind1=" " ind2=" " tag="260"><subfield code="a">Singapore</subfield><subfield code="b">World Scientific</subfield><subfield code="c">1983</subfield></datafield><datafield ind1=" " ind2=" " tag="300"><subfield code="a">XII + 807P</subfield></datafield><datafield ind1=" " ind2=" " tag="852"><subfield code="a">78930</subfield><subfield code="c">539.12</subfield></datafield><datafield ind1=" " ind2=" " tag="CAT"><subfield code="a">Sys</subfield><subfield code="c">20120125</subfield><subfield code="h">142446</subfield></datafield></record></collection>